<record><leader>00000cas a2200000 a 4500</leader><controlfield tag="001">9390458</controlfield><controlfield tag="008">830408c19239999vtudr ne      0   a0eng c</controlfield><datafield ind1=" " ind2=" " tag="010"><subfield code="a">sn 83045190 </subfield></datafield><datafield ind1=" " ind2=" " tag="040"><subfield code="a">CRL</subfield><subfield code="b">eng</subfield><subfield code="c">CRL</subfield><subfield code="d">NPW</subfield><subfield code="d">NPY</subfield><subfield code="d">DLC</subfield><subfield code="d">NPW</subfield><subfield code="d">YOX</subfield><subfield code="d">NSD</subfield><subfield code="d">MGN</subfield><subfield code="d">CRL</subfield><subfield code="d">MGN</subfield><subfield code="d">NVF</subfield><subfield code="d">NVN</subfield><subfield code="d">DLC</subfield><subfield code="d">KRTAS</subfield><subfield code="d">OCLCQ</subfield><subfield code="d">OCLCF</subfield><subfield code="d">OCLCO</subfield><subfield code="d">CRL</subfield><subfield code="d">DLC</subfield></datafield><datafield ind1=" " ind2=" " tag="012"><subfield code="j">0</subfield><subfield code="l">1</subfield><subfield code="m">1</subfield></datafield><datafield ind1=" " ind2=" " tag="019"><subfield code="a">472107213</subfield></datafield><datafield ind1="1" ind2=" " tag="022"><subfield code="a">0894-8844</subfield><subfield code="l">0894-8844</subfield><subfield code="2">1</subfield></datafield><datafield ind1="1" ind2=" " tag="029"><subfield code="a">AU@</subfield><subfield code="b">000022255829</subfield></datafield><datafield ind1=" " ind2=" " tag="032"><subfield code="a">079940</subfield><subfield code="b">USPS</subfield></datafield><datafield ind1=" " ind2=" " tag="037"><subfield code="b">The Burlington Free Press, 191 College St., Burlington, VT 05401</subfield></datafield><datafield ind1=" " ind2=" " tag="042"><subfield code="a">nsdp</subfield><subfield code="a">pcc</subfield></datafield><datafield ind1=" " ind2=" " tag="043"><subfield code="a">n-us-vt</subfield></datafield><datafield ind1="0" ind2="0" tag="050"><subfield code="a">Newspaper</subfield></datafield><datafield ind1="0" ind2=" " tag="130"><subfield code="a">Burlington free press (Burlington, Vt. : 1923)</subfield></datafield><datafield ind1=" " ind2="4" tag="222"><subfield code="a">The Burlington free press</subfield><subfield code="b">(1923)</subfield></datafield><datafield ind1="0" ind2="4" tag="245"><subfield code="a">The Burlington free press.</subfield></datafield><datafield ind1="1" ind2="3" tag="246"><subfield code="a">Burlington daily free press</subfield></datafield><datafield ind1="1" ind2="7" tag="246"><subfield code="a">Burlington free press and times</subfield></datafield><datafield ind1="1" ind2="7" tag="246"><subfield code="a">Burlington (Vt.) free press</subfield><subfield code="f">&lt;July 20, 1987-&gt;</subfield></datafield><datafield ind1=" " ind2=" " tag="260"><subfield code="a">Burlington, Vt. :</subfield><subfield code="b">Free Press Association,</subfield><subfield code="c">1923-</subfield></datafield><datafield ind1=" " ind2=" " tag="300"><subfield code="a">v. :</subfield><subfield code="b">ill.</subfield></datafield><datafield ind1=" " ind2=" " tag="310"><subfield code="a">Daily,</subfield><subfield code="b">Oct. 26, 1975-</subfield></datafield><datafield ind1=" " ind2=" " tag="321"><subfield code="a">Daily (except Sunday),</subfield><subfield code="b">May 30, 1923-Oct. 25, 1975</subfield></datafield><datafield ind1="0" ind2=" " tag="362"><subfield code="a">Vol. 89, no. 129 (May 30, 1923)-</subfield></datafield><datafield ind1=" " ind2=" " tag="500"><subfield code="a">Publisher varies.</subfield></datafield><datafield ind1=" " ind2=" " tag="525"><subfield code="a">Includes supplements.</subfield></datafield><datafield ind1=" " ind2=" " tag="530"><subfield code="a">Also available on microfilm from Graphic Microfilm of New England; Bell &amp; Howell; and, University Microfilms International.</subfield></datafield><datafield ind1=" " ind2=" " tag="580"><subfield code="a">Weekly ed.: Burlington weekly free press.</subfield></datafield><datafield ind1=" " ind2=" " tag="588"><subfield code="a">Latest issue consulted: Vol. 173, no. 274 (Sept. 30, 2000).</subfield></datafield><datafield ind1=" " ind2="0" tag="651"><subfield code="a">Burlington (Vt.)</subfield><subfield code="v">Newspapers.</subfield></datafield><datafield ind1=" " ind2="7" tag="651"><subfield code="a">Vermont</subfield><subfield code="z">Burlington.</subfield><subfield code="2">fast</subfield><subfield code="0">(OCoLC)fst01207603</subfield></datafield><datafield ind1=" " ind2="7" tag="655"><subfield code="a">Newspapers.</subfield><subfield code="2">fast</subfield><subfield code="0">(OCoLC)fst01423814</subfield></datafield><datafield ind1=" " ind2=" " tag="752"><subfield code="a">United States</subfield><subfield code="b">Vermont</subfield><subfield code="c">Chittenden</subfield><subfield code="d">Burlington.</subfield></datafield><datafield ind1="1" ind2=" " tag="775"><subfield code="t">Burlington weekly free press</subfield><subfield code="x">2166-2037</subfield><subfield code="w">(DLC)sn 86072143</subfield><subfield code="w">(OCoLC)14907707</subfield></datafield><datafield ind1="0" ind2="0" tag="780"><subfield code="t">Burlington daily free press</subfield><subfield code="w">(DLC)sn 86071554</subfield><subfield code="w">(OCoLC)13655388</subfield></datafield><datafield ind1=" " ind2=" " tag="938"><subfield code="a">Kirtas Technologies, Inc.</subfield><subfield code="b">KRTS</subfield><subfield code="n">736468</subfield></datafield></record>